[gd_scene load_steps=7 format=2]

[ext_resource path="res://scripts/Combat/Combat_scene.gd" type="Script" id=1]
[ext_resource path="res://scripts/Combat/EndCombatScreen.gd" type="Script" id=2]
[ext_resource path="res://imgs/temp_village_background.png" type="Texture" id=3]
[ext_resource path="res://scripts/Combat/CombatEntitiesParent.gd" type="Script" id=4]
[ext_resource path="res://prefabs/Combat/Player_combat.tscn" type="PackedScene" id=5]
[ext_resource path="res://imgs/temp_background.png" type="Texture" id=6]

[node name="Combat" type="Node2D"]
script = ExtResource( 1 )

[node name="Main" type="Camera2D" parent="."]
offset = Vector2( 0, 8 )
current = true

[node name="EndCombatScreen" type="Node2D" parent="."]
position = Vector2( 0, 600 )
script = ExtResource( 2 )

[node name="Sprite" type="Sprite" parent="EndCombatScreen"]
texture = ExtResource( 3 )

[node name="VictoryLbl" type="Label" parent="EndCombatScreen"]
margin_left = -128.0
margin_top = -76.0
margin_right = 128.0
margin_bottom = -60.0
text = "Victory !"
align = 1
valign = 1

[node name="LootLbl" type="Label" parent="EndCombatScreen"]
margin_left = -128.0
margin_top = -24.0
margin_right = -88.0
margin_bottom = -10.0
text = "Experience earned :
Gold looted :"

[node name="Button" type="Button" parent="EndCombatScreen"]
margin_left = -32.0
margin_top = 52.0
margin_right = 32.0
margin_bottom = 72.0
text = "Next"

[node name="EndCombat" type="Camera2D" parent="EndCombatScreen"]
zoom = Vector2( 0.25, 0.25 )

[node name="Combat_entities_parent" type="Node" parent="."]
script = ExtResource( 4 )

[node name="Infos" type="Label" parent="Combat_entities_parent"]
margin_left = -512.0
margin_top = -240.0
margin_right = 512.0
margin_bottom = -195.0
align = 1
valign = 1

[node name="Player" parent="Combat_entities_parent" instance=ExtResource( 5 )]
position = Vector2( -150, 220 )

[node name="temp_background" type="Sprite" parent="."]
position = Vector2( 516, 8 )
scale = Vector2( 2.90909, 2.23529 )
z_index = -1
texture = ExtResource( 6 )
[connection signal="pressed" from="EndCombatScreen/Button" to="EndCombatScreen" method="_on_Button_pressed"]
