[gd_scene load_steps=16 format=2]

[ext_resource path="res://scripts/Combat/Enemy.gd" type="Script" id=1]
[ext_resource path="res://anims/enemies/Enemy_action.tres" type="Animation" id=2]
[ext_resource path="res://anims/enemies/Enemy_attack.tres" type="Animation" id=3]
[ext_resource path="res://anims/enemies/Enemy_death.tres" type="Animation" id=4]
[ext_resource path="res://anims/enemies/Enemy_hurt.tres" type="Animation" id=5]
[ext_resource path="res://anims/enemies/Enemy_idle.tres" type="Animation" id=6]
[ext_resource path="res://imgs/Resindic.png" type="Texture" id=7]
[ext_resource path="res://prefabs/Combat/LifeBar.tscn" type="PackedScene" id=8]
[ext_resource path="res://prefabs/Combat/SpeedBar.tscn" type="PackedScene" id=9]
[ext_resource path="res://scripts/Combat/CombatTarget.gd" type="Script" id=10]
[ext_resource path="res://imgs/temp_entities.png" type="Texture" id=11]
[ext_resource path="res://imgs/temp_status_icons.png" type="Texture" id=12]
[ext_resource path="res://prefabs/Combat/Temp_effect.tscn" type="PackedScene" id=13]

[sub_resource type="StyleBoxFlat" id=1]
bg_color = Color( 0.733333, 0.0784314, 0.0784314, 1 )

[sub_resource type="RectangleShape2D" id=2]
extents = Vector2( 32, 32 )

[node name="Enemy" type="Node2D"]
script = ExtResource( 1 )

[node name="Sprite" type="Sprite" parent="."]
scale = Vector2( 2, 2 )
vframes = 5
hframes = 7
region_rect = Rect2( 64, 0, 64, 64 )

[node name="AnimationPlayer" type="AnimationPlayer" parent="Sprite"]
anims/Enemy_action = ExtResource( 2 )
anims/Enemy_attack = ExtResource( 3 )
anims/Enemy_death = ExtResource( 4 )
anims/Enemy_hurt = ExtResource( 5 )
anims/Enemy_idle = ExtResource( 6 )

[node name="lblDamageTaken" type="Label" parent="."]
margin_left = -32.0
margin_top = -56.0
margin_right = 32.0
margin_bottom = -30.0
custom_colors/font_color = Color( 0, 0, 0, 1 )
align = 1
valign = 1

[node name="CriticalityIndic" type="Sprite" parent="."]
position = Vector2( 0, -16 )
texture = ExtResource( 7 )
vframes = 6
frame = 5

[node name="CriticalityIndic2" type="Sprite" parent="."]
position = Vector2( 0, 16 )
texture = ExtResource( 7 )
vframes = 6
frame = 1

[node name="LifeBar" parent="." instance=ExtResource( 8 )]
margin_left = -56.0
margin_top = 40.0
margin_right = 56.0
margin_bottom = 48.0
custom_styles/fg = SubResource( 1 )

[node name="SpeedBar" parent="." instance=ExtResource( 9 )]
margin_top = 52.0
margin_bottom = 64.0

[node name="Combat_target" type="Area2D" parent="."]
script = ExtResource( 10 )

[node name="CollisionShape2D" type="CollisionShape2D" parent="Combat_target"]
shape = SubResource( 2 )

[node name="Sprite" type="Sprite" parent="Combat_target"]
texture = ExtResource( 11 )
region_enabled = true
region_rect = Rect2( 0, 64, 64, 64 )

[node name="GuardIndic" type="Sprite" parent="."]
visible = false
position = Vector2( -40, 48 )
scale = Vector2( 0.375, 0.375 )
texture = ExtResource( 11 )
region_enabled = true
region_rect = Rect2( 64, 64, 64, 64 )

[node name="Status_infos" type="Node2D" parent="."]

[node name="Status_1" type="Sprite" parent="Status_infos"]
visible = false
position = Vector2( -24, 76 )
scale = Vector2( 0.8, 0.8 )
texture = ExtResource( 12 )
region_enabled = true
region_rect = Rect2( 0, 0, 20, 20 )
__meta__ = {
"_edit_group_": true
}

[node name="Time" type="Label" parent="Status_infos/Status_1"]
margin_left = -8.0
margin_top = -8.0
margin_right = 8.0
margin_bottom = 8.0
align = 1
valign = 1

[node name="Status_2" type="Sprite" parent="Status_infos"]
visible = false
position = Vector2( -8, 76 )
scale = Vector2( 0.8, 0.8 )
texture = ExtResource( 12 )
region_enabled = true
region_rect = Rect2( 0, 0, 20, 20 )
__meta__ = {
"_edit_group_": true
}

[node name="Time2" type="Label" parent="Status_infos/Status_2"]
margin_left = -8.0
margin_top = -8.0
margin_right = 8.0
margin_bottom = 8.0
align = 1
valign = 1

[node name="Status_3" type="Sprite" parent="Status_infos"]
visible = false
position = Vector2( 8, 76 )
scale = Vector2( 0.8, 0.8 )
texture = ExtResource( 12 )
region_enabled = true
region_rect = Rect2( 0, 0, 20, 20 )
__meta__ = {
"_edit_group_": true
}

[node name="Time3" type="Label" parent="Status_infos/Status_3"]
margin_left = -8.0
margin_top = -8.0
margin_right = 8.0
margin_bottom = 8.0
align = 1
valign = 1

[node name="Status_4" type="Sprite" parent="Status_infos"]
visible = false
position = Vector2( 24, 76 )
scale = Vector2( 0.8, 0.8 )
texture = ExtResource( 12 )
region_enabled = true
region_rect = Rect2( 0, 0, 20, 20 )
__meta__ = {
"_edit_group_": true
}

[node name="Time4" type="Label" parent="Status_infos/Status_4"]
margin_left = -8.0
margin_top = -8.0
margin_right = 8.0
margin_bottom = 8.0
align = 1
valign = 1

[node name="Status_5" type="Sprite" parent="Status_infos"]
visible = false
position = Vector2( -24, 92 )
scale = Vector2( 0.8, 0.8 )
texture = ExtResource( 12 )
region_enabled = true
region_rect = Rect2( 0, 0, 20, 20 )
__meta__ = {
"_edit_group_": true
}

[node name="Time5" type="Label" parent="Status_infos/Status_5"]
margin_left = -8.0
margin_top = -8.0
margin_right = 8.0
margin_bottom = 8.0
align = 1
valign = 1

[node name="Status_6" type="Sprite" parent="Status_infos"]
visible = false
position = Vector2( -8, 92 )
scale = Vector2( 0.8, 0.8 )
texture = ExtResource( 12 )
region_enabled = true
region_rect = Rect2( 0, 0, 20, 20 )
__meta__ = {
"_edit_group_": true
}

[node name="Time6" type="Label" parent="Status_infos/Status_6"]
margin_left = -8.0
margin_top = -8.0
margin_right = 8.0
margin_bottom = 8.0
align = 1
valign = 1

[node name="Status_7" type="Sprite" parent="Status_infos"]
visible = false
position = Vector2( 8, 92 )
scale = Vector2( 0.8, 0.8 )
texture = ExtResource( 12 )
region_enabled = true
region_rect = Rect2( 0, 0, 20, 20 )
__meta__ = {
"_edit_group_": true
}

[node name="Time7" type="Label" parent="Status_infos/Status_7"]
margin_left = -8.0
margin_top = -8.0
margin_right = 8.0
margin_bottom = 8.0
align = 1
valign = 1

[node name="Status_8" type="Sprite" parent="Status_infos"]
visible = false
position = Vector2( 24, 92 )
scale = Vector2( 0.8, 0.8 )
texture = ExtResource( 12 )
region_enabled = true
region_rect = Rect2( 0, 0, 20, 20 )
__meta__ = {
"_edit_group_": true
}

[node name="Time8" type="Label" parent="Status_infos/Status_8"]
margin_left = -8.0
margin_top = -8.0
margin_right = 8.0
margin_bottom = 8.0
align = 1
valign = 1

[node name="Effect" parent="." instance=ExtResource( 13 )]
